@phdthesis{Lach2022,
    author = {Bartłomiej Łach},
    title = {Rozwój systemu detekcyjnego do obrazowania przestrzennego rozkładu pierwiastków metodą fluorescencji rentgenowskiej},
    school = {AGH University of Krakow},
    year = {2022},
}

@article{Alfeld2013,
    title = {A mobile instrument for in situ scanning macro-XRF investigation of historical paintings},
    volume = {28},
    DOI = {10.1039/c3ja30341a},
    number = {5},
    journal = {Journal of Analytical Atomic Spectrometry},
    author = {Matthias, Alfeld and others},
    year = {2013},
    pages = {760-767},
}

@article{Jones2022,
  title = {Neural network-based classification of X-ray fluorescence spectra of artists’ pigments: an approach leveraging a synthetic dataset created using the fundamental parameters method},
  volume = {10},
  ISSN = {2050-7445},
  url = {http://dx.doi.org/10.1186/s40494-022-00716-3},
  DOI = {10.1186/s40494-022-00716-3},
  number = {1},
  journal = {Heritage Science},
  publisher = {Springer Science and Business Media LLC},
  author = {Jones,  Cerys and others},
  year = {2022},
  month = jun 
}